@online{Pri18,
	label = {Pri18},
	month = {September},
	year = {2018},
	url = {https://whatis.techtarget.com/definition/prime-number},
	date = {7},
	title = {TechTarget},
}

@online{Sie18,
	label = {Sie18},
	month = {September},
	year = {2018},
	url = {https://brilliant.org/wiki/sieve-of-eratosthenes/},
	date = {7},
	title = {Briliant},
}

@online{Div18,
	label = {Div18},
	month = {September},
	year = {2018},
	url = {https://www.smartickmethod.com/blog/math/operations-and-algebraic-thinking/divisibility/prime-numbers-sieve-eratosthenes/},
	date = {7},
	title = {Smartick Method},
}

